<?xml version="1.0" encoding="UTF-8"?><collection xmlns="http://www.loc.gov/MARC21/slim"><record><leader>00490nam--2200181-u-4500</leader><controlfield tag="001">000051347</controlfield><controlfield tag="002">20161230</controlfield><controlfield tag="005">20161230201049</controlfield><controlfield tag="008">080702s1000------------r-----000-0-eng-d</controlfield><datafield ind1=" " ind2=" " tag="040"><subfield code="a">IFIN-HH</subfield></datafield><datafield ind1=" " ind2=" " tag="080"><subfield code="a">517</subfield></datafield><datafield ind1="1" ind2=" " tag="100"><subfield code="a">Cmirnova,V.I.(red.)</subfield></datafield><datafield ind1="1" ind2="0" tag="245"><subfield code="a">Problemy Matematicheskogo Analiz. Integralnye i Differentsialnye Operatory. Differentsialnye Uravneniya</subfield></datafield><datafield ind1=" " ind2=" " tag="260"><subfield code="a">Leningrad</subfield><subfield code="c">1973</subfield></datafield><datafield ind1=" " ind2=" " tag="300"><subfield code="a">144 p</subfield></datafield><datafield ind1=" " ind2=" " tag="490"><subfield code="v">Vol.4</subfield></datafield><datafield ind1=" " ind2=" " tag="852"><subfield code="a">42069</subfield><subfield code="c">517</subfield></datafield><datafield ind1=" " ind2=" " tag="CAT"><subfield code="a">Sys</subfield><subfield code="c">20080702</subfield><subfield code="h">110541</subfield></datafield></record></collection>